@article{ breiman:randomforests,
  author = "Leo Breiman",
  title = "Random Forests",
  journal = "Machine Learning",
  volume = "45",
  number = "1",
  pages = "5--32",
  month = "Oktober",
  year = "2001"
}
